@MISC{exampleid1,
    title = {Honkai: Star Rail confirms April 26th release date[{EB/OL}]},
    author = {Smith, Graham},
    note = {https://www.rockpapershotgun.com/honkai-star-rail-confirms-april-26th-release-date},
}
